@article{candes2011robust,
  title={Robust principal component analysis?},
  author={Cand{\`e}s, Emmanuel J and Li, Xiaodong and Ma, Yi and Wright, John},
  journal={Journal of the ACM (JACM)},
  volume={58},
  number={3},
  pages={1--37},
  year={2011},
  publisher={ACM New York, NY, USA}
}

@article{lin2010augmented,
  title={The augmented lagrange multiplier method for exact recovery of corrupted low-rank matrices},
  author={Lin, Zhouchen and Chen, Minming and Ma, Yi},
  journal={arXiv preprint arXiv:1009.5055},
  year={2010}
}

@article{leonardi2013principal,
  title={Principal components of functional connectivity: a new approach to study dynamic brain connectivity during rest},
  author={Leonardi, Nora and Richiardi, Jonas and Gschwind, Markus and Simioni, Samanta and Annoni, Jean-Marie and Schluep, Myriam and Vuilleumier, Patrik and Van De Ville, Dimitri},
  journal={NeuroImage},
  volume={83},
  pages={937--950},
  year={2013},
  publisher={Elsevier}
}

@article{smith2013resting,
  title={Resting-state fMRI in the human connectome project},
  author={Smith, Stephen M and Beckmann, Christian F and Andersson, Jesper and Auerbach, Edward J and Bijsterbosch, Janine and Douaud, Gwena{\"e}lle and Duff, Eugene and Feinberg, David A and Griffanti, Ludovica and Harms, Michael P and others},
  journal={Neuroimage},
  volume={80},
  pages={144--168},
  year={2013},
  publisher={Elsevier}
}

@article{yatsenko2015improved,
  title={Improved estimation and interpretation of correlations in neural circuits},
  author={Yatsenko, Dimitri and Josi{\'c}, Kre{\v{s}}imir and Ecker, Alexander S and Froudarakis, Emmanouil and Cotton, R James and Tolias, Andreas S},
  journal={PLoS computational biology},
  volume={11},
  number={3},
  year={2015},
  publisher={Public Library of Science}
}

@article{raichle2015brain,
  title={The brain's default mode network},
  author={Raichle, Marcus E},
  journal={Annual review of neuroscience},
  volume={38},
  pages={433--447},
  year={2015},
  publisher={Annual Reviews}
}